<collection xmlns="http://www.loc.gov/MARC21/slim">
<record>
  <leader>00809nam0a22001811i 450 </leader>
  <controlfield tag="001">IT\ICCU\CNCE\080280</controlfield>
  <controlfield tag="005">20200708000000.0</controlfield>
  <datafield tag="100" ind1=" " ind2=" ">
    <subfield code="a">20200708d1530        0itac0103    ba</subfield>
  </datafield>
  <datafield tag="101" ind1=" " ind2=" ">
    <subfield code="a">SPA</subfield>
  </datafield>
  <datafield tag="102" ind1=" " ind2=" ">
    <subfield code="a">IT</subfield>
  </datafield>
  <datafield tag="200" ind1="1" ind2=" ">
    <subfield code="a">Traslado de una carta que embio de Roma el muy reverendo ... senor don Balthasar del Rio, ... al muy illustre senor el marques de Tarifa, en que le recuenta mas por entero todo lo que en el espantoso diluvio de Roma acaescio</subfield>
  </datafield>
  <datafield tag="210" ind1=" " ind2=" ">
    <subfield code="e">De Roma</subfield>
    <subfield code="g">fue impressa por Bartolome Perez  en la calle de la Sierpe</subfield>
    <subfield code="h">a veynte de ocobre 1530</subfield>
  </datafield>
  <datafield tag="215" ind1=" " ind2=" ">
    <subfield code="a">\4! c.</subfield>
    <subfield code="d">4ʻ</subfield>
  </datafield>
  <datafield tag="620" ind1=" " ind2=" ">
    <subfield code="a">IT</subfield>
    <subfield code="d">Roma</subfield>
  </datafield>
  <datafield tag="700" ind1=" " ind2="1">
    <subfield code="a">Rio,</subfield>
    <subfield code="b">Baltasar : del</subfield>
    <subfield code="3">IT\ICCU\CNCA\009005</subfield>
  </datafield>
  <datafield tag="712" ind1="0" ind2="0">
    <subfield code="a"></subfield>
    <subfield code="3">IT\ICCU\CNCT\006581</subfield>
    <subfield code="4">650</subfield>
  </datafield>
  <datafield tag="790" ind1=" " ind2="1">
    <subfield code="a">Delrio,</subfield>
    <subfield code="b">Baltasar</subfield>
    <subfield code="3">IT\ICCU\CNCA\015276</subfield>
    <subfield code="z">Rio, Baltasar : del</subfield>
  </datafield>
  <datafield tag="801" ind1=" " ind2="3">
    <subfield code="a">IT</subfield>
    <subfield code="b">ICCU</subfield>
    <subfield code="c">20201115</subfield>
  </datafield>
</record>
</collection>
